2002 2875
469 147 694 210 Prolusio
710 148 771 203 II.
807 146 1002 217 legalis
1016 145 1254 206 Venetiis·
1498 152 1530 202 6
1536 166 1559 217 3

126 219 374 268 hominibus
403 216 676 264 custodienda
688 216 812 263 datur
838 250 853 274 ‚
893 217 959 264 fied
1000 218 1212 266 Leoni-bus
1252 219 1415 278 aligeris
1453 219 1476 265 ὲ
1505 216 1639 267 Coeld

125 281 251 325 miffis
269 311 284 329 ,
314 291 362 325 ut
402 277 594 322 excubias
616 289 744 335 agant
773 292 851 335 pro
879 292 926 323 ea
954 275 1070 334 leges
1094 289 1183 336 quae
1210 277 1638 330 hominumnonest,

125 337 194 384 sed
224 351 381 385 naturae
403 369 414 381 .
446 336 689 381 Duoetiam
718 347 880 380 exarata
905 327 1154 393 exemplaria
1184 355 1199 381 .·
1240 352 1377 383 unum
1406 337 1539 384 Leoni
1568 336 1639 385 da-

126 412 244 451 tum,
275 395 451 441 alterum
465 393 761 452 Evangelistaez
791 407 838 439 ut
868 391 898 438 fi
915 392 1020 438 forte
1033 393 1190 456 Leones
1220 394 1390 441 &Coelo
1418 396 1636 444 mifficon-

124 455 320 514 spirarent
350 455 395 500 in
416 454 600 499 Patriam
622 471 638 499 ;-
663 451 926 509 Evangelista
957 451 1165 511 supercsset
1194 484 1209 502 ³
1249 455 1320 512 qui
1349 454 1500 503 cumex
1530 467 1635 502 terra.

117 517 161 560 in
183 512 609 569 Coelosmigraverit,
641 527 809 569 peccare
837 526 927 555 non
957 509 1090 568 potest
1111 542 1127 566 ‚
1155 510 1635 570 etiamfivelletzEvan·

116 570 267 630 gelista?
278 574 425 631 commi?
451 589 474 614 a
500 569 678 616 custodia
699 601 714 625 ,
743 568 850 631 qued
871 566 973 613 idem
992 569 1044 628 fit
1067 567 1189 631 logssm
1205 567 1393 630 servare
1420 577 1632 624 Venetam,

117 630 203 675 vel
214 634 351 674 Evan
378 635 524 674 emm-⁴
964 678 967 682 ,
1008 678 1011 681 .

177 689 294 733 Hinc
326 688 448 733 Ietro
479 685 792 745 Apostolorum
823 685 1011 744 principi>
1036 684 1287 734 mandatum
1317 720 1332 745 ,
1362 687 1444 736 sem
1478 694 1633 739 creon-3

121 748 262 793 venire
293 762 392 791 cum
423 746 602 791 Marco.
635 747 689 790 Et
710 745 865 790 Marco
877 742 1153 802 Evangelistae
1183 747 1401 807 nunquam
1463 749 1631 808 iscrepa-

117 818 159 849 te
189 804 213 850 a
243 807 391 849 Petro.
425 801 550 848 Alter
579 802 692 847 alteri
723 810 900 847 curreret
931 803 976 848 in
1008 801 1240 850 subsidium
1270 837 1286 856 ,
1317 805 1441 852 securi
1451 808 1628 865 ,quodsi

116 861 251 920 amice
282 864 441 913 coirent
471 882 487 919 3
513 874 644 919 portae
674 860 796 907 inferi
826 877 916 906 non
946 861 1221 919 praevalerent
1251 897 1263 909 .
1295 864 1545 925 Discrepaffe
1573 867 1629 913 le-

113 923 255 979 gimus>
282 918 521 979 quondam:
550 918 615 964 sed
645 917 732 964 haec
745 935 833 965 non
846 918 955 965 fuere
984 920 1166 982 diffidia3
1196 919 1260 966 sed
1282 922 1495 983 Zelotypia
1507 941 1628 970 amoz

112 982 195 1033 ris,
225 977 373 1038 Sponfi
389 977 440 1022 ad
455 976 657 1036 Sponsam
680 995 690 1022 :
721 979 899 1035 parentis
928 979 972 1024 in
1004 978 1137 1024 hlios.
1170 981 1314 1025 Etiam
1326 982 1519 1030 Christus
1531 984 1625 1041 post

113 1036 448 1088 resurrectionem
478 1052 578 1082 cum
607 1034 644 1079 se
674 1036 875 1081 comitem
905 1034 1020 1082 dedit
1046 1035 1241 1083 euntibus
1269 1041 1428 1087 Emaus
1455 1073 1470 1091 ,
1492 1040 1625 1101 finxit

101 1095 151 1158 ft
169 1095 323 1158 longius
345 1098 424 1139 ire.
454 1096 664 1140 Caeterum
685 1096 828 1139 Petrus
854 1093 1058 1152 tanqudm
1086 1092 1262 1154 piscator
1278 1129 1294 1152 ,
1322 1095 1352 1143 fi
1387 1100 1489 1147 velit
1507 1101 1623 1160 fiipcr

107 1152 290 1212 aspidem
310 1182 327 1208 5
356 1159 401 1198 δέ
423 1150 655 1205 basiliscum
685 1146 898 1197 ambulare
927 1183 942 1201 ‚
974 1151 1092 1199 debet
1129 1154 1176 1199 in
1207 1172 1313 1200 mare
1354 1155 1620 1206 descendere.

106 1213 272 1259 Nonne
297 1209 590 1256 Alexandrum
621 1212 696 1255 ΙΙΙ.
728 1212 867 1268 inique
878 1207 1141 1269 persequente
1159 1211 1351 1259 Federico
1367 1218 1623 1275 Imperatore

105 1268 358 1316 AEnoba'rbo
374 1285 497 1315 :cum
509 1268 562 1314 ad
578 1268 744 1317 Gallos,
755 1268 1380 1328 Hispanos,Anglosconfugere
1388 1274 1622 1334 poss'ctNe·

108 1330 240 1374 netias
252 1329 502 1376 Romanam
516 1325 733 1372 traducens
746 1324 1012 1381 Majestatem
1036 1359 1051 1382 ‚
1094 1330 1140 1374 in
1171 1331 1349 1387 Aquilas
1369 1338 1619 1383 centuriavit

108 1384 327 1432 Leonem}
357 1387 566 1433 Ovivum
587 1383 1024 1442 Ecclefiaetrophaeum
1046 1420 1056 1430 .
1088 1389 1138 1432 In
1168 1388 1323 1434 Domo
1354 1405 1455 1438 tunc
1477 1394 1618 1440 Marci

107 1452 237 1501 jurata
276 1442 333 1490 est
363 1445 470 1490 Petri
500 1443 629 1501 gloria
653 1461 667 1489 2
694 1456 741 1501 ut
770 1442 1012 1502 Apostolici
1051 1444 1282 1505 Triumphi
1321 1448 1618 1499 testimonium

108 1504 221 1549 daret
242 1500 503 1560 Evangelista
525 1535 536 1545 .
565 1500 642 1546 Sed
667 1503 756 1559 quis
786 1500 959 1563 credidit
990 1503 1428 1565 MarcoEvangelistae
1438 1510 1617 1557 Veneta-

100 1578 197 1607 rum
227 1559 548 1619 Iegumiac‘rum
578 1558 843 1618 depofituni}
853 1561 1016 1618 Regina
1025 1561 1141 1606 Coeli
1153 1566 1472 1616 commendavit
1482 1571 1617 1628 Regi-

101 1635 203 1666 nam
227 1621 358 1665 Maris
379 1653 390 1666 .
420 1620 515 1666 Sola
548 1620 668 1677 virgo
697 1630 860 1676 poterat
901 1618 1095 1677 suscipere
1124 1619 1358 1672 custodiam
1396 1628 1572 1684 virginis
1600 1662 1614 1673 .

101 1679 199 1723 Hoc
229 1694 364 1723 unum
386 1677 584 1735 supererat
612 1708 627 1727 ,
657 1675 770 1735 quod
798 1674 971 1723 Christo
1002 1677 1148 1723 Mater
1176 1681 1421 1738 rependeret
1459 1684 1612 1732 benefi-

101 1738 217 1781 cium
249 1769 260 1780 .
304 1736 497 1785 Christus
547 1737 730 1785 moriens
771 1733 1142 1783 commendaverat
1180 1738 1369 1788 Matrem
1409 1742 1611 1801 discipulo

100 1792 409 1851 Evangelistaea
450 1794 591 1844 Maria
633 1807 678 1843 ut
708 1792 942 1853 rependeret
981 1793 1229 1843 benefitium
1256 1830 1273 1854 ,
1301 1799 1411 1846 hanc
1443 1802 1609 1849 Urbem

98 1850 230 1898 filiam
246 1853 326 1898 Dei
346 1885 361 1908 ,
393 1851 708 1902 custodiendam
727 1851 898 1899 tradidit
918 1852 1194 1912 Evangelistae
1214 1889 1224 1899 .
1252 1858 1405 1904 *Filiam
1422 1859 1497 1906 effe
1509 1862 1609 1916 Dei,

97 1910 316 1957 nedultites
338 1930 348 1956 ε
377 1913 497 1960 Deus
509 1910 825 1959 voluitocculta
845 1911 1000 1961 natalia
1021 1945 1032 1957 .
1061 1913 1151 1961 Alii
1169 1916 1613 1975 Ηιτηεπὶε,εὶΙίῑΟιιΠὶε,Χ

98 1966 306 2014 Venetam
325 1967 568 2029 adscripsere
605 1970 814 2028 originem
837 2003 849 2016 .
878 1968 958 2017 Sed
978 1973 1125 2022 omnia
1145 1973 1323 2030 incerta,
1353 1974 1406 2022 fic
1422 1980 1607 2036 exigente

98 2024 198 2070 Deo
229 2030 347 2083 (Ber.
368 2031 586 2073 Ias‘t'z'niano
605 2027 703 2074 teste
730 2027 749 2081 )
778 2045 830 2073 ne
861 2028 949 2087 quis
968 2030 1124 2075 temere
1147 2028 1221 2076 fibi
1240 2049 1450 2091 arrogaret
1478 2038 1604 2093 origi-

97 2098 196 2128 nem
213 2084 321 2129 illius
341 2085 477 2141 urbis,
507 2103 633 2144 quam
662 2085 744 2145 ipst:
774 2088 893 2132 Deus
913 2085 994 2131 suis
1018 2087 1452 2138 manibusfabrefecit.
1484 2096 1599 2140 Hinc

97 2139 266 2187 deduxit
284 2140 337 2186 ab
356 2144 469 2200 aquis
489 2161 499 2189 ε
531 2161 583 2190 ne
605 2158 731 2190 terrea
745 2143 882 2189 credas
903 2143 1070 2190 exordia
1092 2179 1103 2189 .
1136 2146 1281 2193 Libera
1302 2164 1348 2195 ut
1371 2152 1599 2207 viveret2&

96 2199 254 2245 srbisoli
264 2195 425 2245 subdita
444 2232 459 2254 ,
490 2201 626 2247 voluit
649 2202 755 2247 nasci
782 2201 937 2260 dseipss
952 2236 963 2247 .
994 2204 1219 2261 Virginem
1229 2222 1277 2251 ex
1289 2209 1449 2266 virgine
1459 2224 1598 2257 ortam

93 2258 237 2305 vides:
267 2255 380 2316 quod
407 2259 453 2302 in
485 2272 603 2303 utero
625 2276 826 2315 aquarum
856 2277 934 2306 nec
956 2258 1121 2318 signum
1151 2264 1382 2312 nativitatis
1411 2268 1596 2327 reliquit.

95 2319 266 2363 octavo
286 2315 376 2362 Kal.
407 2315 566 2374 Aprilis
584 2316 762 2363 nascitur
784 2350 799 2373 ,
828 2335 928 2364 cum
946 2318 1082 2376 Virgo
1103 2320 1243 2366 Mater
1253 2322 1442 2372 Verbum
1453 2343 1601 2374 concc—

95 2377 157 2433 pit
177 2388 378 2421 aeternum
402 2407 412 2417 .
444 2378 500 2420 Et
538 2372 567 2418 si
599 2376 815 2432 Reginam
843 2376 960 2421 Coeli
989 2377 1209 2424 aemulatur
1253 2383 1417 2441 Regina
1447 2385 1597 2443 Maris,

93 2433 199 2482 dum
221 2434 431 2493 concipit,
461 2449 534 2481 cur
544 2433 670 2482 etiam
689 2432 794 2481 dum
815 2435 1052 2492 concipitur
1071 2465 1086 2484 ,
1116 2438 1301 2486 aemulari
1323 2459 1410 2489 non
1433 2443 1593 2492 dicam.

1453 2505 1538 2549 Eo-
